<?xml version="1.0" encoding="UTF-8"?><collection xmlns="http://www.loc.gov/MARC21/slim"><record><leader>00340nam--2200133-i-4500</leader><controlfield tag="001">000040674</controlfield><controlfield tag="002">20161230</controlfield><controlfield tag="005">20161230201042</controlfield><controlfield tag="008">060222s1000------------r-----000-0-eng-d</controlfield><datafield ind1=" " ind2=" " tag="080"><subfield code="a">621.396.645.211</subfield></datafield><datafield ind1=" " ind2=" " tag="100"><subfield code="a">Scherer, Jean</subfield></datafield><datafield ind1=" " ind2=" " tag="245"><subfield code="a">Etude de l`etage amplificateur a resistances</subfield></datafield><datafield ind1=" " ind2=" " tag="260"><subfield code="a">Paris, Dunod, 1947, Viii + 124p</subfield></datafield><datafield ind1=" " ind2=" " tag="852"><subfield code="a">467</subfield></datafield></record></collection>